@article{pythTunes, 
			author={P. Z. Skands},
			title={Tuning Monte Carlo Generators: The Perugia Tunes}, 
			journal={PhysRevD}, 
			volume={82}, 
			pages={}, 
			year={2010},
			url={http://arxiv.org/abs/1005.3457v5}
			}


@Book{IEP,
author = {David Griffiths},
title = {Introduction to {E}lementary {P}articles},
publisher = {Wiley-Vch},
year = {2004},
address = {Germany}
}



@article{transIntroduced, 
			author={John P. Ralston and Davison E. Soper},
			title={Production of dimuons from high-energy polarized proton-proton collisions}, 
			journal={Nuclear Physics B}, 
			volume={152}, 
			pages={109--124}, 
			year={1979},
			url={http://dx.doi.org/10.1016/S0168-9002(02)01946-0}
			}




@article{ppCollider, 
			author={I.Alekseev and others},
			title={Polarized proton collider at {RHIC}}, 
			journal={Nuclear Instruments and Methods in Physics Research A}, 
			volume={499}, 
			pages={392--414}, 
			year={2003},
			url={http://dx.doi.org/10.1016/S0168-9002(02)01946-0}
			}
			
@article{hermesHel, 
			author={A. Airapetian and others},
			title={Measurement of the Proton Spin Structure Function $g_1^p$ with a Pure Hydrogen Target}, 
			journal={Phys.Lett.B},
			volume={442},
			pages={484--492}, 
			year={1998},
			url={http://arxiv.org/abs/hep-ex/9807015v1}
			}
			
@article{extractIFF,
			author={Aurore Courtoy, Alessandro Bacchetta, Marco Radici, and Andrea Bianconi},
			title={First extraction of Interference Fragmentation Functions from $e^+e^âˆ’$ data},
			journal={Phys.Rev.D},
			volume={85},
			pages={},
			year={2012},
			url={http://arxiv.org/abs/1202.0323}
			}

			
@article{belleIFF,
  title = {Observation of Transverse Polarization Asymmetries of Charged Pion Pairs in ${e}^{+}{e}^{-}$ Annihilation near $\sqrt{s}=10.58\text{ }\text{ }\mathrm{GeV}$},
  author = {A. Vossen and others},
  journal = {Phys. Rev. Lett.},
  volume = {107},
  issue = {7},
  pages = {072004},
  numpages = {7},
  year = {2011},
  month = {Aug},
  publisher = {American Physical Society},
  doi = {10.1103/PhysRevLett.107.072004},
  url = {http://arxiv.org/abs/1104.2425}
}
			
@article{BEMC, 
			author={M. Beddoa and others},
			title={The {STAR} Barrel Electromagnetic Calorimeter}, 
			journal={Nuclear Instruments and Methods in Physics Research A}, 
			volume={499}, 
			pages={725--739}, 
			year={2003},
			url={http://dx.doi.org/10.1016/S0168-9002(02)01970-8}
			}
			
@article{TPC, 
			author={M. Anderson and others},
			title={The {STAR} time projection chamber: a unique tool for studying high multiplicity events at {RHIC}}, 
			journal={Nuclear Instruments and Methods in Physics Research A}, 
			volume={499}, 
			pages={659--678}, 
			year={2003},
			url={http://arxiv.org/abs/nucl-ex/0301015}
			}
			
@article{magnet, 
			author={F. Bergsmaa and others},
			title={The {STAR} detector magnet subsystem}, 
			journal={Nuclear Instruments and Methods in Physics Research A}, 
			volume={499}, 
			pages={633--639}, 
			year={2003},
			url={http://dx.doi.org/10.1016/S0168-9002(02)01961-7}
			}
			
@article{STARoverview, 
			author={K.H. Ackermanna and others},
			title={{STAR} detector overview}, 
			journal={Nuclear Instruments and Methods in Physics Research A}, 
			volume={499}, 
			pages={624--632}, 
			year={2003},
			url={http://dx.doi.org/10.1016/S0168-9002(02)01960-5}
			}
			
@article{RHICoverview, 
			author={M. Harrison, T. Ludlam, S. Ozaki},
			title={{RHIC} project overview}, 
			journal={Nuclear Instruments and Methods in Physics Research A}, 
			volume={499}, 
			pages={235--244}, 
			year={2003},
			url={http://dx.doi.org/10.1016/S0168-9002(02)01937-X}
			}
			
@article{compassRes, 
			author={The COMPASS Collaboration},
			title={Transverse spin effects in hadron-pair production from semi-inclusive deep inelastic scattering}, 
			journal={Phys. Lett. B}, 
			volume={713}, 
			pages={10--16}, 
			year={2012},
			url={http://arxiv.org/abs/1202.6150}
			}
			
@article{hermesRes, 
			author={HERMES Collaboration},
			title={Evidence for a transverse single-spin asymmetry in leptoproduction of $\pi^+\pi^-$ pairs}, 
			journal={Journal of High Energy Physics}, 
			volume={0806}, 
			pages={017}, 
			year={2008},
			url={http://arxiv.org/abs/0803.2367}
			}
			
@article{crossRatio, 
			author={Gerald G. Ohlsen and P.W. Keaton Jr},
			title={Techniques for Measurement of spin-$\frac{1}{2}$ and spin-1 Polarization Analyzing Tensors}, 
			journal={Nuclear Instuments and Methods}, 
			volume={109}, 
			pages={41--59}, 
			year={1973}
			}

@article{bacchettaRedici2,
			author={Alessandro Bacchetta, Marco Radici},
			title={Dihadron interference fragmentation functions in proton-proton collisions}, 
			journal={Phys. Rev. D}, 
			volume=70,
			issue=3,
			year={2004},
			url={DOI: 10.1103/PhysRevD.70.094032}
			}		
			
@article{Tang,
			author={Jian Tang},
			title={Probing the Nucleon's Transversity Via Two-Meson Production in Polarized Nucleon-Nucleon Collisions}, 
			journal={Submitted to Phys. Rev. D},  
			year={1998},
			url={arXiv:hep-ph/9807560}
			}		
			
@article{TOFppVPD, 
			author={W.J. Llope and others},
			title={The {TOF}p/p{VPD} time-of-flight system for {STAR}}, 
			journal={Nuclear Instruments and Methods in Physics Research A}, 
			volume=522,
			issue=3,
			pages={252--273}, 
			year={2004},
			url={doi:10.1016/j.nima.2003.11.414}
			}	
			
			
@articleP{hardScatAmp,
          	author={R. Gastmans and T. T. Wu},
          	title={The Ubiquitous photon: Helicity method for {QED} and {QCD}},
          	journal={International series of monographs on physics (Clarendon, Oxford, UK, 1990)}
            }
